@article{friedman1988money,
  title={Money and the stock market},
  author={Friedman, Milton},
  journal={Journal of Political Economy},
  volume={96},
  number={2},
  pages={221--245},
  year={1988},
  publisher={The University of Chicago Press}
}

@article{morck1990stock,
  title={The stock market and investment: is the market a sideshow?},
  author={Morck, Randall and Shleifer, Andrei and Vishny, Robert W and Shapiro, Matthew and Poterba, James M},
  journal={Brookings papers on economic Activity},
  volume={1990},
  number={2},
  pages={157--215},
  year={1990},
  publisher={JSTOR}
}

@article{hochreiter1997long,
  title={Long short-term memory},
  author={Hochreiter, Sepp and Schmidhuber, J{\"u}rgen},
  journal={Neural computation},
  volume={9},
  number={8},
  pages={1735--1780},
  year={1997},
  publisher={MIT Press}
}

@techreport{rumelhart1985learning,
  title={Learning internal representations by error propagation},
  author={Rumelhart, David E and Hinton, Geoffrey E and Williams, Ronald J},
  year={1985},
  institution={California Univ San Diego La Jolla Inst for Cognitive Science}
}

@incollection{jordan1997serial,
  title={Serial order: A parallel distributed processing approach},
  author={Jordan, Michael I},
  booktitle={Advances in psychology},
  volume={121},
  pages={471--495},
  year={1997},
  publisher={Elsevier}
}

@article{kingma2014adam,
  title={Adam: A method for stochastic optimization},
  author={Kingma, Diederik P and Ba, Jimmy},
  journal={arXiv preprint arXiv:1412.6980},
  year={2014}
}

@article{barsky1993does,
  title={Why does the stock market fluctuate?},
  author={Barsky, Robert B and De Long, J Bradford},
  journal={The Quarterly Journal of Economics},
  volume={108},
  number={2},
  pages={291--311},
  year={1993},
  publisher={MIT Press}
}

@article{mitchell1994impact,
  title={The impact of public information on the stock market},
  author={Mitchell, Mark L and Mulherin, J Harold},
  journal={The Journal of Finance},
  volume={49},
  number={3},
  pages={923--950},
  year={1994},
  publisher={Wiley Online Library}
}

@article{qi1999economic,
  title={Economic factors and the stock market: a new perspective},
  author={Qi, Min and Maddala, GS},
  journal={Journal of Forecasting},
  volume={18},
  number={3},
  pages={151--166},
  year={1999},
  publisher={Wiley Online Library}
}

@article{hondroyiannis2001macroeconomic,
  title={Macroeconomic influences on the stock market},
  author={Hondroyiannis, George and Papapetrou, Evangelia},
  journal={Journal of economics and finance},
  volume={25},
  number={1},
  pages={33--49},
  year={2001},
  publisher={Springer}
}

@article{mazur2021covid,
  title={COVID-19 and the march 2020 stock market crash. Evidence from S\&P1500},
  author={Mazur, Mieszko and Dang, Man and Vega, Miguel},
  journal={Finance research letters},
  volume={38},
  pages={101690},
  year={2021},
  publisher={Elsevier}
}

@article{baker2020unprecedented,
  title={The unprecedented stock market reaction to COVID-19},
  author={Baker, Scott R and Bloom, Nicholas and Davis, Steven J and Kost, Kyle and Sammon, Marco and Viratyosin, Tasaneeya},
  journal={The review of asset pricing studies},
  volume={10},
  number={4},
  pages={742--758},
  year={2020},
  publisher={Oxford University Press}
}

@article{patel2015predicting,
  title={Predicting stock and stock price index movement using trend deterministic data preparation and machine learning techniques},
  author={Patel, Jigar and Shah, Sahil and Thakkar, Priyank and Kotecha, Ketan},
  journal={Expert systems with applications},
  volume={42},
  number={1},
  pages={259--268},
  year={2015},
  publisher={Elsevier}
}

@inproceedings{leung2014machine,
  title={A machine learning approach for stock price prediction},
  author={Leung, Carson Kai-Sang and MacKinnon, Richard Kyle and Wang, Yang},
  booktitle={Proceedings of the 18th International Database Engineering \& Applications Symposium},
  pages={274--277},
  year={2014}
}

@article{ampomah2020evaluation,
  title={Evaluation of tree-based ensemble machine learning models in predicting stock price direction of movement},
  author={Ampomah, Ernest Kwame and Qin, Zhiguang and Nyame, Gabriel},
  journal={Information},
  volume={11},
  number={6},
  pages={332},
  year={2020},
  publisher={MDPI}
}

@inproceedings{ariyo2014stock,
  title={Stock price prediction using the ARIMA model},
  author={Ariyo, Adebiyi A and Adewumi, Adewumi O and Ayo, Charles K},
  booktitle={2014 UKSim-AMSS 16th international conference on computer modelling and simulation},
  pages={106--112},
  year={2014},
  organization={IEEE}
}

@article{khan2020arima,
  title={ARIMA model for accurate time series stocks forecasting},
  author={Khan, Shakir and Alghulaiakh, Hela},
  journal={International Journal of Advanced Computer Science and Applications},
  volume={11},
  number={7},
  year={2020},
  publisher={Science and Information (SAI) Organization Limited}
}

@inproceedings{nair2010rectified,
  title={Rectified linear units improve restricted boltzmann machines},
  author={Nair, Vinod and Hinton, Geoffrey E},
  booktitle={Icml},
  year={2010}
}

@article{talathi2015improving,
  title={Improving performance of recurrent neural network with relu nonlinearity},
  author={Talathi, Sachin S and Vartak, Aniket},
  journal={arXiv preprint arXiv:1511.03771},
  year={2015}
}

@article{krizhevsky2017imagenet,
  title={Imagenet classification with deep convolutional neural networks},
  author={Krizhevsky, Alex and Sutskever, Ilya and Hinton, Geoffrey E},
  journal={Communications of the ACM},
  volume={60},
  number={6},
  pages={84--90},
  year={2017},
  publisher={AcM New York, NY, USA}
}

@article{sherstinsky2020fundamentals,
  title={Fundamentals of recurrent neural network (RNN) and long short-term memory (LSTM) network},
  author={Sherstinsky, Alex},
  journal={Physica D: Nonlinear Phenomena},
  volume={404},
  pages={132306},
  year={2020},
  publisher={Elsevier}
}

@article{gers2000learning,
  title={Learning to forget: Continual prediction with LSTM},
  author={Gers, Felix A and Schmidhuber, J{\"u}rgen and Cummins, Fred},
  journal={Neural computation},
  volume={12},
  number={10},
  pages={2451--2471},
  year={2000},
  publisher={MIT Press}
}

@inproceedings{chen2015lstm,
  title={A LSTM-based method for stock returns prediction: A case study of China stock market},
  author={Chen, Kai and Zhou, Yi and Dai, Fangyan},
  booktitle={2015 IEEE international conference on big data (big data)},
  pages={2823--2824},
  year={2015},
  organization={IEEE}
}

@inproceedings{siami2018comparison,
  title={A comparison of ARIMA and LSTM in forecasting time series},
  author={Siami-Namini, Sima and Tavakoli, Neda and Namin, Akbar Siami},
  booktitle={2018 17th IEEE international conference on machine learning and applications (ICMLA)},
  pages={1394--1401},
  year={2018},
  organization={IEEE}
}

@article{livieris2020cnn,
  title={A CNN--LSTM model for gold price time-series forecasting},
  author={Livieris, Ioannis E and Pintelas, Emmanuel and Pintelas, Panagiotis},
  journal={Neural computing and applications},
  volume={32},
  number={23},
  pages={17351--17360},
  year={2020},
  publisher={Springer}
}

@inproceedings{nelson2017stock,
  title={Stock market's price movement prediction with LSTM neural networks},
  author={Nelson, David MQ and Pereira, Adriano CM and De Oliveira, Renato A},
  booktitle={2017 International joint conference on neural networks (IJCNN)},
  pages={1419--1426},
  year={2017},
  organization={Ieee}
}

@article{chang2019electricity,
  title={Electricity price prediction based on hybrid model of adam optimized LSTM neural network and wavelet transform},
  author={Chang, Zihan and Zhang, Yang and Chen, Wenbo},
  journal={Energy},
  volume={187},
  pages={115804},
  year={2019},
  publisher={Elsevier}
}

@inproceedings{chang2018effective,
  title={Effective adam-optimized LSTM neural network for electricity price forecasting},
  author={Chang, Zihan and Zhang, Yang and Chen, Wenbo},
  booktitle={2018 IEEE 9th international conference on software engineering and service science (ICSESS)},
  pages={245--248},
  year={2018},
  organization={IEEE}
}

@inproceedings{ribeiro2020beyond,
  title={Beyond exploding and vanishing gradients: analysing RNN training using attractors and smoothness},
  author={Ribeiro, Ant{\^o}nio H and Tiels, Koen and Aguirre, Luis A and Sch{\"o}n, Thomas},
  booktitle={International Conference on Artificial Intelligence and Statistics},
  pages={2370--2380},
  year={2020},
  organization={PMLR}
}

@article{mikolov2014learning,
  title={Learning longer memory in recurrent neural networks},
  author={Mikolov, Tomas and Joulin, Armand and Chopra, Sumit and Mathieu, Michael and Ranzato, Marc'Aurelio},
  journal={arXiv preprint arXiv:1412.7753},
  year={2014}
}

@inproceedings{maas2013rectifier,
  title={Rectifier nonlinearities improve neural network acoustic models},
  author={Maas, Andrew L and Hannun, Awni Y and Ng, Andrew Y and others},
  booktitle={Proc. icml},
  volume={30},
  number={1},
  pages={3},
  year={2013},
  organization={Atlanta, Georgia, USA}
}

@article{fama1965behavior,
  title={The behavior of stock-market prices},
  author={Fama, Eugene F},
  journal={The journal of Business},
  volume={38},
  number={1},
  pages={34--105},
  year={1965},
  publisher={JSTOR}
}

@book{ludvigson1998important,
  title={How important is the stock market effect on consumption?},
  author={Ludvigson, Sydney C and Steindel, Charles and others},
  volume={9821},
  year={1998},
  publisher={Federal Reserve Bank of New York New York}
}

@article{rosenblatt1958perceptron,
  title={The perceptron: a probabilistic model for information storage and organization in the brain.},
  author={Rosenblatt, Frank},
  journal={Psychological review},
  volume={65},
  number={6},
  pages={386},
  year={1958},
  publisher={American Psychological Association}
}


@article{sun2019exploiting,
  title={Exploiting intra-day patterns for market shock prediction: A machine learning approach},
  author={Sun, Jinwen and Xiao, Keli and Liu, Chuanren and Zhou, Wenjun and Xiong, Hui},
  journal={Expert Systems with Applications},
  volume={127},
  pages={272--281},
  year={2019},
  publisher={Elsevier}
}

@article{jing2021hybrid,
  title={A hybrid model integrating deep learning with investor sentiment analysis for stock price prediction},
  author={Jing, Nan and Wu, Zhao and Wang, Hefei},
  journal={Expert Systems with Applications},
  volume={178},
  pages={115019},
  year={2021},
  publisher={Elsevier}
}

@article{long2020integrated,
  title={An integrated framework of deep learning and knowledge graph for prediction of stock price trend: An application in Chinese stock exchange market},
  author={Long, Jiawei and Chen, Zhaopeng and He, Weibing and Wu, Taiyu and Ren, Jiangtao},
  journal={Applied Soft Computing},
  volume={91},
  pages={106205},
  year={2020},
  publisher={Elsevier}
}

@article{long2019deep,
  title={Deep learning-based feature engineering for stock price movement prediction},
  author={Long, Wen and Lu, Zhichen and Cui, Lingxiao},
  journal={Knowledge-Based Systems},
  volume={164},
  pages={163--173},
  year={2019},
  publisher={Elsevier}
}

@book{goodfellow2016deep,
  title={Deep learning},
  author={Goodfellow, Ian and Bengio, Yoshua and Courville, Aaron},
  year={2016},
  publisher={MIT press}
}

@book{hastie2009elements,
  title={The elements of statistical learning: data mining, inference, and prediction},
  author={Hastie, Trevor and Tibshirani, Robert and Friedman, Jerome H and Friedman, Jerome H},
  volume={2},
  year={2009},
  publisher={Springer}
}

@article{zhang2019gradient,
  title={Why gradient clipping accelerates training: A theoretical justification for adaptivity},
  author={Zhang, Jingzhao and He, Tianxing and Sra, Suvrit and Jadbabaie, Ali},
  journal={arXiv preprint arXiv:1905.11881},
  year={2019}
}

@incollection{dipietro2020deep,
  title={Deep learning: RNNs and LSTM},
  author={DiPietro, Robert and Hager, Gregory D},
  booktitle={Handbook of medical image computing and computer assisted intervention},
  pages={503--519},
  year={2020},
  publisher={Elsevier}
}

@article{vaswani2017attention,
  title={Attention is all you need},
  author={Vaswani, Ashish and Shazeer, Noam and Parmar, Niki and Uszkoreit, Jakob and Jones, Llion and Gomez, Aidan N and Kaiser, {\L}ukasz and Polosukhin, Illia},
  journal={Advances in neural information processing systems},
  volume={30},
  year={2017}
}

@article{li2010impact,
  title={The impact of monetary policy shocks on stock prices: Evidence from Canada and the United States},
  author={Li, Yun Daisy and {\.I}{\c{s}}can, Talan B and Xu, Kuan},
  journal={Journal of international money and finance},
  volume={29},
  number={5},
  pages={876--896},
  year={2010},
  publisher={Elsevier}
}

@article{masoud2013impact,
  title={The impact of stock market performance upon economic growth},
  author={Masoud, Najeb MH},
  journal={International Journal of Economics and Financial Issues},
  volume={3},
  number={4},
  pages={788--798},
  year={2013}
}

@article{schuster1997bidirectional,
  title={Bidirectional recurrent neural networks},
  author={Schuster, Mike and Paliwal, Kuldip K},
  journal={IEEE transactions on Signal Processing},
  volume={45},
  number={11},
  pages={2673--2681},
  year={1997},
  publisher={Ieee}
}

@inproceedings{he2016deep,
  title={Deep residual learning for image recognition},
  author={He, Kaiming and Zhang, Xiangyu and Ren, Shaoqing and Sun, Jian},
  booktitle={Proceedings of the IEEE conference on computer vision and pattern recognition},
  pages={770--778},
  year={2016}
}

@article{confalonieri2021historical,
  title={A historical perspective of explainable Artificial Intelligence},
  author={Confalonieri, Roberto and Coba, Ludovik and Wagner, Benedikt and Besold, Tarek R},
  journal={Wiley Interdisciplinary Reviews: Data Mining and Knowledge Discovery},
  volume={11},
  number={1},
  pages={e1391},
  year={2021},
  publisher={Wiley Online Library}
}

@article{beaudouin2020flexible,
  title={Flexible and context-specific AI explainability: A multidisciplinary approach},
  author={Beaudouin, Val{\'e}rie and Bloch, Isabelle and Bounie, David and Cl{\'e}men{\c{c}}on, St{\'e}phan and d'Alch{\'e}-Buc, Florence and Eagan, James and Maxwell, Winston and Mozharovskyi, Pavlo and Parekh, Jayneel},
  journal={arXiv preprint arXiv:2003.07703},
  year={2020}
}

@inproceedings{glorot2010understanding,
  title={Understanding the difficulty of training deep feedforward neural networks},
  author={Glorot, Xavier and Bengio, Yoshua},
  booktitle={Proceedings of the thirteenth international conference on artificial intelligence and statistics},
  pages={249--256},
  year={2010},
  organization={JMLR Workshop and Conference Proceedings}
}